% This file was created with JabRef 2.10b2.
% Encoding: UTF-8


@Unpublished{map_recovery,
  Title                    = {Point-wise Map Recovery and Refinement from Functional Correspondence},
  Author                   = {E. Rodola, M. Moeller, D. Cremers},
  Year                     = {2015},

  Pages                    = {1--8},
  Publisher                = {Publisher}
}

@Article{myronenko2010point,
  Title                    = {Point set registration: Coherent point drift},
  Author                   = {Myronenko, Andriy and Song, Xubo},
  Journal                  = {Pattern Analysis and Machine Intelligence, IEEE Transactions on},
  Year                     = {2010},
  Number                   = {12},
  Pages                    = {2262--2275},
  Volume                   = {32},

  Owner                    = {w033},
  Publisher                = {IEEE},
  Timestamp                = {2015.10.06}
}

